% % strings,format: Long name (abbrv. only if used)
% % variable names are either abbrv or taken from acm
@string {ASE = "IEEE/ACM International Conference on Automated Software Engineering (ASE)"}
@string { CACM = "Communications of the ACM (CACM)" }
@string { CHI = "Conference on Human Factors in Computing Systems (CHI)"}
@string {CoRR = "Computing Research Repository (CoRR)"}
@string {COMPSAC = "Computer Software and Applications Conference (COMPSAC)"}
@string {CSCW = "ACM Conference on Computer Supported Cooperative Work and Social Computing (CSCW)"}
@string {CSCWD = "International Conference on Computer Supported Cooperative Work in Design (CSCWD)"}
@string {CSS = "ACM SIGSAC Conference on Computer and Communications Security"}
@string { EMSE = "Empirical Software Engineering (ESME)"}
@string { ESEC/FSE = "ACM Joint European Software Engineering Conference and Symposium on the Foundations of Software Engineering (ESEC/FSE)"}
@string { FSE = "International Symposium on the Foundations of Software Engineering (FSE)"}
@string { FASE = "International Conference on Fundamental Approaches to Software Engineering (FASE)"}
@string { FTPL = "Foundations and Trends in Programming Languages"}
@string { GECCO = "Genetic and Evolutionary Computation Conference (GECCO)" }
@string { ICML = "International Conference on Machine Learning (ICML)"}
@string {ICPC = "International Conference on Program Comprehension (ICPC)"}
@string { ICSE = "International Conference on Software Engineering (ICSE)" }
@string { ICSE_C = "International Conference on Software Engineering Companion (ICSE-C)" }
@string {ICSENIER = "International Conference on Software Engineering: New Ideas and Emerging Results (ICSE-NIER)"}
@string { ICSME = "IEEE International Conference on Software Maintenance and Evolution (ICSME)" } 
@string {ICSM = "International Conference on Software Maintenance (ICSM)"}
@string {ICSR = "International Conference on Software Reuse (ICSR)"}
@string {IEEES = "IEEE Software"}
@string { INST = "Information and Software Technology" }
@string { ISSE = "Innovations in Systems and Software Engineering (ISSE)"}
@string {IEICE_ISS = "IEICE Transactions on Information and Systems"}
@string { JAIS = "Journal of the Association for Information Systems (JAIS)"}
@string {JISA = "Journal of Internet Services and Applications"}
@string {JMLR = "Journal of Machine Learning Research"}
@string { JSS = "Journal of Systems and Software (JSS)" }
@string {LION = "Learning and Intelligent Optimization (LION)"}
@string { MISQ = "Management Information Systems (MIS) Quarterly" }
@string { MSR = " IEEE/ACM Mining Software Repositories Conference (MSR)" } 
@string { NIPS = "Advances in neural information processing systems (NIPS)"}
@string {PLOS_CB = "PLOS Computational Biology"}
@string {SANER = "International Conference on Software Analysis, Evolution and Reengineering (SANER)"}
@string { TSE = "IEEE Transactions on Software Engineering (TSE)" } 
@string {USENIXSECURITY = "USENIX Security Symposium"}
@string { WCRE = "Working Conference on Reverse Engineering (WCRE)" }
@string {SOHEAL = "International Workshop on Software Health (SoHeal)"}
@string {VISSOFT = "IEEE Working Conference on Software Visualization (VISSOFT)"}

@article{Charness2012,
	author = {Charness, Gary and Gneezy, Uri and Kuhn, Michael A.},
	journal = {Journal of Economic Behavior and Organization},
	keywords = {Between-subject,Experimental design and methodology,Within-subject},
	month = {Jan},
	number = {1},
	pages = {1--8},
	title = {{Experimental methods: Between-subject and within-subject design}},
	volume = {81},
	year = {2012}
}

@article{Kula2018,
author = {Kula, Raula Gaikovina and German, Daniel M. and Ouni, Ali and Ishio, Takashi and Inoue, Katsuro},
title = {Do Developers Update Their Library Dependencies?},
year = {2018},
volume = {23},
number = {1},
journal = EMSE,
month = feb,
}

@article{Chinthanet2021,
  year = {2021},
  month = mar,
  volume = {26},
  number = {3},
  author = {Bodin Chinthanet and Raula Gaikovina Kula and Shane McIntosh and Takashi Ishio and Akinori Ihara and Kenichi Matsumoto},
  title = {Lags in the release,  adoption,  and propagation of npm vulnerability fixes},
  journal = EMSE
}

@inproceedings{Yano2015,
author = {Yano, Yuki and Kula, Raula and Kula, Takashi and Ishio, Katsuro and Inoue, Katsuro},
year = {2015},
month = {05},
pages = {},
title = {VerXCombo: An Interactive Data Visualization of Popular Library Version Combinations},
booktitle = ICPC
}

@inproceedings{Todorov2017,
author = {Todorov, Boris and Kula, Raula and Ishio, Takashi and Inoue, Katsuro},
year = {2017},
month = {09},
pages = {129-133},
title = {SoL Mantra: Visualizing Update Opportunities Based on Library Coexistence},
booktitle = VISSOFT
}

@InProceedings{Sageghi2014,
author="Sadeghi, Alireza
and Esfahani, Naeem
and Malek, Sam",
editor="Gnesi, Stefania
and Rensink, Arend",
title="Mining the Categorized Software Repositories to Improve the Analysis of Security Vulnerabilities",
booktitle=FASE,
year="2014",
pages="155--169",
}

@INPROCEEDINGS{Kawaguchi2004,
author={S. {Kawaguchi} and P. K. {Garg} and M. {Matsushita} and K. {Inoue}},  booktitle={11th Asia-Pacific Software Engineering Conference},   title={MUDABlue: an automatic categorization system for open source repositories},   year={2004},  volume={},  number={},  pages={184-193},  doi={10.1109/APSEC.2004.69}}

@webpage{webgithub1,
    author  = "Toya East",
    title   = "2020 GitHub Universe Micro-Mentoring Application",
    month   = "October",
    year    = "2020",
    url     = "https://github.blog/2020-10-27-2020-github-universe-micro-mentoring-application/",
    lastchecked = "1 November 2020"
}

@webpage{webnpm1,
    author  = "Liran Tal, Simon Maple",
    title   = "npm passes the 1 millionth package milestone! What can we learn?",
    month   = "June",
    year    = "2019",
    url     = "https://snyk.io/blog/npm-passes-the-1-millionth-package-milestone-what-can-we-learn/",
    lastchecked = "1 November 2020"
}

@webpage{webheartbleed,
    author  = "Synopsys",
    title   = "Heartbleed Bug",
    month   = "June",
    year    = "2020",
    url     = "http://heartbleed.com/",
    lastchecked = "1 November 2020"
}

@webpage{webshellshock,
    author  = "James T. Bennett",
    title   = "Shellshock in the Wild",
    month   = "September",
    year    = "2014",
    url     = "https://www.fireeye.com/blog/threat-research/2014/09/shellshock-in-the-wild.html",
    lastchecked = "1 November 2020"
}

@webpage{webvulnerable1,
    author  = "Rope Security",
    title   = "Vulnerable Dependencies",
    url     = "https://ropesec.com/articles/vulnerable-dependencies/",
    lastchecked = "1 November 2020"
}


@webpage{webjsonintro,
    author  = "W3School",
    title   = "JSON - Introduction",
    url     = "https://www.w3schools.com/js/js_json_intro.asp",
    lastchecked = "1 November 2020"
}

@webpage{webmongodb,
    author  = "MongoDB",
    title   = "What Is MongoDB?",
    url     = "https://www.mongodb.com/what-is-mongodb",
    lastchecked = "1 November 2020"
}

@webpage{webd3,
    author  = "Mike Bostock",
    title   = "D3 Data-Driven Documents",
    url     = "https://d3js.org/",
    lastchecked = "1 November 2020"
}

@webpage{webDFLD,
    author  = "Mike Bostock",
    title   = "Directional Force Layout Diagram",
    url     = "https://gist.github.com/d3noob/5141278",
    lastchecked = "9 November 2020"
}

@webpage{webdependabotinfo,
    author  = "Bolaji Ayodeji",
    title   = "Automate GitHub Dependency Updates with Dependabot",
    month   = "December",
    year    = "2019",
    url     = "https://bolajiayodeji.com/automate-github-dependency-updates-with-dependabot",
    lastchecked = "9 November 2020"
}

@webpage{websnykinfo,
    author  = "Rohit Mathur",
    title   = "SNYK :A security platform introduction",
    month   = "October",
    year    = "2020",
    url     = "https://medium.com/faun/snyk-a-security-platform-introduction-2380c28dbe93",
    lastchecked = "9 November 2020"
}

@webpage{webnpmdep,
    author  = "Fatih Erikli, Burak Arikan, Ahmet Kizilay",
    title   = "NPM Dependency Network",
    url     = "https://graphcommons.com/graphs/a7ec343d-2a0c-47bb-9658-bb8315e8a096?auto=true&show=analysis-cluster",
    lastchecked = "9 November 2020"
}

@webpage{weboss,
    author  = "Alyssa Miller, Sharone Zitzman",
    title   = "The State of Open Source Security 2020k",
    month   = "June",
    year    = "2020",
    url     = "https://snyk.io/open-source-security/",
    lastchecked = "9 November 2020"
}

@webpage{webnpm-audit,
    author  = "npm, Inc.",
    title   = "Auditing package dependencies for security vulnerabilities",
    url     = "https://docs.npmjs.com/auditing-package-dependencies-for-security-vulnerabilities",
    lastchecked = "20 February 2021"
}

@webpage{webgraphQL,
    author  = "The GraphQL Foundation",
    title   = "GraphQL | A query language for your API",
    url     = "https://graphql.org/",
    lastchecked = "20 February 2021"
}

@webpage{weball-the-package-names,
    author  = "Zeke Sikelianos, Ionică Bizău, Feross Aboukhadijeh",
    title   = "nice-registry/all-the-package-names",
    url     = "https://github.com/nice-registry/all-the-package-names",
    lastchecked = "19 April 2021",
}

@article{Ko2013,
author = {Ko, Amy and LaToza, Thomas and Burnett, Margaret},
year = {2013},
month = {02},
pages = {},
title = {A practical guide to controlled experiments of software engineering tools with human participants},
volume = {20},
journal = {Empirical Software Engineering},
doi = {10.1007/s10664-013-9279-3}
}

@webpage{webSearching-code,
    author  = "GitHub Docs",
    title   = "Searching code",
    url     = "https://docs.github.com/en/github/searching-for-information-on-github/searching-code",
    lastchecked = "19 April 2021"
}

@webpage{Web:dependabot,
author = {GitHub},
title = {Dependabot},
url = "https://dependabot.com",
month = {May},
year = {2019},
note = {(Accessed on 06/10/2021)}
}

@inproceedings{Alfadel:MSR2021,
author = {M. Alfadel and D. Costa and E. Shihab and M. Mkhallalati},
booktitle = MSR,
title = {On the Use of Dependabot Security Pull Requests},
year = {2021},
pages = {254-265},
month = {may}
}

@article{Noei:EMSE2017,
  year = {2017},
  month = mar,
  volume = {22},
  number = {6},
  pages = {3088--3116},
  author = {Ehsan Noei and Mark D. Syer and Ying Zou and Ahmed E. Hassan and Iman Keivanloo},
  title = {A study of the relation of mobile device attributes with the user-perceived quality of Android apps},
  journal = EMSE
}

@inproceedings{Kalliamvakou:MSR2014,
  year = {2014},
  author = {Eirini Kalliamvakou and Georgios Gousios and Kelly Blincoe and Leif Singer and Daniel M. German and Daniela Damian},
  title = {The promises and perils of mining {GitHub}},
  booktitle = MSR
}

@article{Zhou:TSE2020,
  year = {2020},
  pages = {1--1},
  author = {Jiayuan Zhou and Shaowei Wang and Cor-Paul Bezemer and Ying Zou and Ahmed E. Hassan},
  title = {Studying the Association between Bountysource Bounties and the Issue-addressing Likelihood of {GitHub} Issue Reports},
  journal = TSE
}

@inproceedings{Gallaba:ASE2018,
  year = {2018},
  month = sep,
  author = {Keheliya Gallaba and Christian Macho and Martin Pinzger and Shane McIntosh},
  title = {Noise and heterogeneity in historical build data: an empirical study of Travis {CI}},
  booktitle = ASE
}

@inproceedings{Macho:SANER2018,
  year = {2018},
  month = mar,
  author = {Christian Macho and Shane McIntosh and Martin Pinzger},
  title = {Automatically repairing dependency-related build breakage},
  booktitle = SANER
}

@inproceedings{Joshi:MSR2019,
  year = {2019},
  month = may,
  author = {Saket Dattatray Joshi and Sridhar Chimalakonda},
  title = {{RapidRelease} - A Dataset of Projects and Issues on Github with Rapid Releases},
  booktitle = MSR
}

@inproceedings{Beller:MSR2017,
  year = {2017},
  month = may,
  author = {Moritz Beller and Georgios Gousios and Andy Zaidman},
  title = {{TravisTorrent}: Synthesizing Travis {CI} and {GitHub} for Full-Stack Research on Continuous Integration},
  booktitle = MSR
}

@inproceedings{Almeida:ICPC2017,
  year = {2017},
  month = may,
  author = {Daniel A. Almeida and Gail C. Murphy and Greg Wilson and Mike Hoye},
  title = {Do Software Developers Understand Open Source Licenses?},
  booktitle = ICPC
}

@inproceedings{Tourani:SANER2017,
  year = {2017},
  month = feb,
  author = {Parastou Tourani and Bram Adams and Alexander Serebrenik},
  title = {Code of conduct in open source projects},
  booktitle = SANER
}

@article{Sholler:PLOS_CB2019,
  year = {2019},
  month = sep,
  volume = {15},
  number = {9},
  pages = {e1007296},
  author = {Dan Sholler and Igor Steinmacher and Denae Ford and Mara Averick and Mike Hoye and Greg Wilson},
  title = {Ten simple rules for helping newcomers become contributors to open projects},
  journal = PLOS_CB
}

@inproceedings{Kobayakawa:COMPSAC2017,
  year = {2017},
  month = jul,
  author = {Naoki Kobayakawa and Kenichi Yoshida},
  title = {How {GitHub} Contributing.md Contributes to Contributors},
  booktitle = COMPSAC
}

@inproceedings{Elazhary:ICSME2019,
  year = {2019},
  month = sep,
  author = {Omar Elazhary and Margaret-Anne Storey and Neil Ernst and Andy Zaidman},
  title = {Do as I Do,  Not as I Say: Do Contribution Guidelines Match the {GitHub} Contribution Process?},
  booktitle = ICSME
}

@inproceedings{Hassan:ICSE_C2017,
  year = {2017},
  month = may,
  author = {Foyzul Hassan and  Xiaoyin Wang},
  title = {Mining Readme Files to Support Automatic Building of Java Projects in Software Repositories},
  booktitle = ICSE_C
}

@article{Ikeda:IEICE2019,
  year = {2019},
  month = feb,
  volume = {E102.D},
  number = {2},
  pages = {280--288},
  author = {Shohei Ikeda and Akinori Ihara and Raula Gaikovina Kula and Kenichi Matsumoto},
  title = {An Empirical Study of {README} contents for {JavaScript} Packages},
  journal = IEICE_ISS
}

@article{Prana:EMSE2018,
  year = {2018},
  month = oct,
  volume = {24},
  number = {3},
  pages = {1296--1327},
  author = {Gede Artha Azriadi Prana and Christoph Treude and Ferdian Thung and Thushari Atapattu and David Lo},
  title = {Categorizing the Content of {GitHub} {README} Files},
  journal = EMSE
}

@misc{Web:npm,
    author = {{NPM}},
    title = {npm},
    howpublished = {\url{https://www.npmjs.com/}},
    month = {},
    year = {2010},
    note = {(Accessed on 05/13/2021)}
}

@article{xia_what_2017,
	title = {What do developers search for on the web?},
	volume = {22},
	language = {en},
	number = {6},
	urldate = {2019-10-25},
	journal = EMSE,
	author = {Xia, Xin and Bao, Lingfeng and Lo, David and Kochhar, Pavneet Singh and Hassan, Ahmed E. and Xing, Zhenchang},
	month = dec,
	year = {2017},
	pages = {3149--3185},
}

@inproceedings{Thung:2013,
    author = {Thung, Ferdian and Lo, David and Lawall, Julia},
    booktitle = WCRE,
    month = {oct},
    number = {October},
    pages = {182--191},
    title = {{Automated library recommendation}},
    year = {2013}
}

@inproceedings{Huang:2020,
    author = {Huang, Kaifeng and Chen, Bihuan and Shi, Bowen and Wang, Ying and Xu, Congying and Peng, Xin},
    booktitle = ESEC/FSE,
    month = {nov},
    pages = {518--529},
    title = {{Interactive, effort-aware library version harmonization}},
    year = {2020}
}

@article{Nguyen:2020,
    author = {Nguyen, Phuong T. and {Di Rocco}, Juri and {Di Ruscio}, Davide and {Di Penta}, Massimiliano},
    journal = JSS,
    keywords = {Mining software repositories,Open Source software,Recommender systems},
    month = {mar},
    pages = {110460},
    title = {{CrossRec: Supporting software developers by recommending third-party libraries}},
    volume = {161},
    year = {2020}
}

@article{Ouni:2017,
    author = {Ouni, Ali and Kula, Raula Gaikovina and Kessentini, Marouane and Ishio, Takashi and German, Daniel M. and Inoue, Katsuro},
    journal = INST,
    month = {mar},
    pages = {55--75},
    title = {{Search-based software library recommendation using multi-objective optimization}},
    volume = {83},
    year = {2017}
}

@article{Saied:2018,
    author = {Saied, Mohamed Aymen and Ouni, Ali and Sahraoui, Houari and Kula, Raula Gaikovina and Inoue, Katsuro and Lo, David},
    issn = {01641212},
    journal = JSS,
    number = {October 2017},
    pages = {164--179},
    title = {{Improving reusability of software libraries through usage pattern mining}},
    volume = {145},
    year = {2018}
}

@inproceedings{DelaMora:2018:which-lib,
    author = {de la Mora, Fernando L{\'{o}}pez and Nadi, Sarah},
    booktitle = ICSENIER,
    month = {may},
    pages = {37--40},
    title = {{Which library should I use? A metric-based comparison of software libraries
    }},
    year = {2018}
}

@article{Pano:2018,
    author = {Pano, Amantia and Graziotin, Daniel and Abrahamsson, Pekka},
    journal = EMSE,
    month = {dec},
    number = {6},
    pages = {3503--3534},
    title = {{Factors and actors leading to the adoption of a JavaScript framework}},
    volume = {23},
    year = {2018}
}

@inproceedings{Larios:2020,
    author = {{Larios Vargas}, Enrique and Aniche, Maur{\'{i}}cio and Treude, Christoph and Bruntink, Magiel and Gousios, Georgios},
    booktitle = ESEC/FSE,
    doi = {10.1145/3368089.3409711},
    month = {nov},
    pages = {245--256},
    title = {{Selecting third-party libraries: the practitioners' perspective}},
    year = {2020}
}

@inproceedings{Wang:2018,
    author = {Wang, Ying and Wen, Ming and Liu, Zhenwei and Wu, Rongxin and Wang, Rui and Yang, Bo and Yu, Hai and Zhu, Zhiliang and Cheung, Shing-Chi},
    booktitle = ESEC/FSE,
    month = {oct},
    pages = {319--330},
    title = {{Do the dependency conflicts in my project matter?}},
    year = {2018}
}

@inproceedings{Patra:2018,
    author = {Patra, Jibesh and Dixit, Pooja N. and Pradel, Michael},
    booktitle = ICSE,
    month = {may},
    pages = {741--751},
    title = {{ConflictJS: finding and understanding conflicts between JavaScript libraries}},
    year = {2018}
}

@inproceedings{Zimmermann:2019,
    author = {Zimmermann, Markus and Staicu, Cristian Alexandru and Tenny, Cam and Pradel, Michael},
    booktitle = USENIXSECURITY,
    number = {February},
    title = {{Small world with high risks: A study of security threats in the npm ecosystem}},
    year = {2019}
}

@inproceedings{Derr:2017,
    author = {Derr, Erik and Bugiel, Sven and Fahl, Sascha and Acar, Yasemin and Backes, Michael},
    booktitle = CSS,
    month = {oct},
    pages = {2187--2200},
    title = {{Keep Me Updated: An Empirical Study of Third-Party Library Updatability on Android}},
    year = {2017}
}

@inproceedings{Steinmacher:2014,
    author = {Steinmacher, Igor and Gerosa, Marco Aur{\'{e}}lio and Redmiles, David F.},
    booktitle = CSCW,
    number = {February},
    pages = {1--4},
    title = {{Attracting, onboarding, and retaining newcomer developers in open source software projects}},
    year = {2014}
}

@inproceedings{Tan:2020,
    author = {Tan, Xin and Zhou, Minghui and Sun, Zeyu},
    booktitle = ESEC/FSE,
    month = {nov},
    pages = {398--409},
    title = {{A first look at good first issues on GitHub}},
    year = {2020}
}

@article{Munaiah:2017:Reaper,
    author = {Munaiah, Nuthan and Kroh, Steven and Cabrey, Craig and Nagappan, Meiyappan},
    journal = EMSE,
    keywords = {Curation tools,Data curation,GitHub,Mining software repositories},
    number = {6},
    pages = {3219--3253},
    title = {{Curating GitHub for engineered software projects}},
    volume = {22},
    year = {2017}
}

@inproceedings{Dyer:2013,
    author = {Dyer, Robert and Nguyen, Hoan Anh and Rajan, Hridesh and Nguyen, Tien N.},
    booktitle = ICSE,
    month = {may},
    pages = {422--431},
    title = {{Boa: A language and infrastructure for analyzing ultra-large-scale software repositories}},
    year = {2013}
}

@article{viera2005understanding,
    title={Understanding interobserver agreement: the kappa statistic.},
    author={A. Viera and J. Garrett},
    journal={Family medicine},
    year={2005},
    volume={37 5},
    pages={
    360-3
    }
}

@inproceedings{Gousio:2013,
    author = {Gousios, Georgios},
    title = {The GHTorrent dataset and tool suite},
    booktitle = MSR,
    year = {2013},
    pages = {233--236},
    numpages = {4},
}

@inproceedings{Zerouali:2019,
    author = {Zerouali, Ahmed and Mens, Tom and Robles, Gregorio and Gonzalez-Barahona, Jesus M.},
    booktitle = {26th International Conference on Software Analysis, Evolution and Reengineering (SANER)},
    keywords = {empirical analysis,npm,popularity,software package},
    month = {feb},
    number = {January},
    pages = {589--593},
    title = {{On the Diversity of Software Package Popularity Metrics: An Empirical Study of npm}},
    year = {2019}
}

@inproceedings{Decan:2018,
    author = {Decan, Alexandre and Mens, Tom and Constantinou, Eleni},
    booktitle = MSR,
    title = {{On the impact of security vulnerabilities in the npm package dependency network}},
    year = {2018},  
    pages= {181-191}
}

@INPROCEEDINGS{Raula:SANER2018, 
    author={R. G. {Kula} and C. {De Roover} and D. M. {German} and T. {Ishio} and K. {Inoue}}, 
    booktitle=SANER,
    title={A generalized model for visualizing library popularity, adoption, and diffusion within a software ecosystem}, 
    year={2018}, volume={}, number={}, 
    pages={288-299},
}

@inproceedings{gistable,
    title={Gistable: Evaluating the executability of python code snippets on github},
    author={Horton, Eric and Parnin, Chris},
    booktitle=ICSME,
    pages={217--227},
    year={2018},
}

@inproceedings{docable,
    author = {Mirhosseini, Samim and Parnin, Chris},
    title = {Docable: Evaluating the Executability of Software Tutorials},
    year = {2020},
    booktitle = ESEC/FSE,
    pages = {375–385},
    numpages = {11}
}

@inproceedings{YangStackOverflow,
    author = {Yang, Di and Hussain, Aftab and Lopes, Cristina Videira},
    title = {From Query to Usable Code: An Analysis of Stack Overflow Code Snippets},
    year = {2016},
    isbn = {9781450341868},
    addressnot = {New York, NY, USA},
    booktitle = MSR,
    pages = {391–402},
    numpages = {12},
    keywords = {code mining, automatic program generation},
}

@article{Maaten2008tsne,
    author =	"Laurens van der Maaten and Geoffrey Hinton",
    title =	"Visualizing Data using t-SNE",
    journal =	JMLR,
    volume =	"9",
    pages =	"2579--2605",
    ISSN = 	"1533-7928 (electronic); 1532-4435 (paper)",
    year = 	"2008",
    month =	nov,
}

@article{Agrawal2020duo,
	author = {Agrawal, Amritanshu and Menzies, Tim and Minku, Leandro L. and Wagner, Markus and Yu, Zhe},
	da = {2020/05/01},
	date-added = {2021-01-09 20:15:43 +1030},
	date-modified = {2021-01-09 20:15:43 +1030},
	doinot = {10.1007/s10664-020-09808-9},
	id = {Agrawal2020},
	isbn = {1573-7616},
	journal = EMSE,
	number = {3},
	pages = {2099--2136},
	title = {Better software analytics via ``DUO'': Data mining algorithms using/used-by optimizers},
	ty = {JOUR},
	volume = {25},
	year = {2020},
	Bdsk-Url-1 = {https://doi.org/10.1007/s10664-020-09808-9}
}

@Article{Feurer2020autosklearn2,
    title =	"Auto-Sklearn 2.0: The Next Generation",
    author =	"Matthias Feurer and Katharina Eggensperger and Stefan
    Falkner and Marius Lindauer and Frank Hutter",
    journal =	CoRR,
    year = 	"2020",
    volume =	"abs/2007.04074",
    bibdate =	"2020-07-20",
    bibsource =	"DBLP,
    http://dblp.uni-trier.de/https://arxiv.org/abs/2007.04074;
    DBLP,
    http://dblp.uni-trier.de/db/journals/corr/corr2007.html#abs-2007-04074",
}

@article{scikit-learn,
    title={Scikit-learn: Machine Learning in {P}ython},
    author={Pedregosa, F. and Varoquaux, G. and Gramfort, A. and Michel, V.
    and Thirion, B. and Grisel, O. and Blondel, M. and Prettenhofer, P.
    and Weiss, R. and Dubourg, V. and Vanderplas, J. and Passos, A. and
    Cournapeau, D. and Brucher, M. and Perrot, M. and Duchesnay, E.},
    journal=JMLR,
    volume={12},
    pages={2825--2830},
    year={2011}
}

@inproceedings{Hutter2011smac,
    address = {Berlin, Heidelberg},
    author = {Hutter, Frank and Hoos, Holger H and Leyton-Brown, Kevin},
    booktitle = LION,
    editornot = {Coello, Carlos A Coello},
    isbn = {978-3-642-25566-3},
    pages = {507--523},
    title = {{Sequential Model-Based Optimization for General Algorithm Configuration}},
    year = {2011}
}

@article{Breiman2001randomforests,
    author =	"Leo Breiman",
    title =	"Random Forests",
    journal =	"Machine Learning",
    volume =	"45",
    number =	"1",
    year = 	"2001",
    pages =	"5",
}

@inproceedings{Wittern_MSR2016,
    author = {Wittern, Erik and Suter, Philippe and Rajagopalan, Shriram},
    title = {{A Look at the Dynamics of the JavaScript Package Ecosystem}},
    booktitle = MSR,
    year = {2016},
    pages = {351--361},
} 

@inproceedings{Kikas:2017,
    author = {Kikas, Riivo and Gousios, Georgios and Dumas, Marlon and Pfahl, Dietmar},
    title = {{Structure and Evolution of Package Dependency Networks}},
    booktitle = MSR,
    year = {2017},
    pages = {102--112},
    numpages = {11},
}

@inproceedings{Decan:2017,
    author = {Decan, Alexandre and Mens, Tom and Claes, Maelick},
    booktitle = SANER,
    month = {feb},
    pages = {2--12},
    title = {{An empirical comparison of dependency issues in OSS packaging ecosystems}},
    year = {2017}
}

@inproceedings{Hejderup:2018,
    author = {Hejderup, Joseph and van Deursen, Arie and Gousios, Georgios},
    title = {Software Ecosystem Call Graph for Dependency Management},
    year = {2018},
    booktitle = ICSENIER,
    pages = {101–104},
    numpages = {4},
}

@INPROCEEDINGS {Zapata:ICSME2018,
    author = {Rodrigo Elizalde Zapata and Raula Gaikovina Kula and Bodin Chinthanet and Takashi Ishio and Kenichi Matsumoto and Akinori Ihara},
    booktitle = ICSME,
    title = {Towards Smoother Library Migrations: A Look at Vulnerable Dependency Migrations at Function Level for npm JavaScript Packages},
    year = {2018},
    pages = {559-563},
}

@INPROCEEDINGS{Bodin:ASE2020,
    author={Bodin Chinthanet and Serena Elisa Ponta and Henrik Plate and Antonino Sabetta and Raula Gaikovina Kula and Takashi Ishio and Kenichi Matsumoto},
    booktitle=ASE,
    title={Code-based Vulnerability Detection in Node.js Applications: How far are we?},
    year={2018},
    month={Sept},
}

@article{cogo2019empirical,
    title={An empirical study of dependency downgrades in the npm ecosystem},
    author={Cogo, Filipe Roseiro and Oliva, Gustavo Ansaldi and Hassan, Ahmed E},
    journal=TSE,
    year={2019},
}

@article{Teixeira:2015,
    author = {Teixeira, Jose and Robles, Gregorio and Gonz{\'{a}}lez-Barahona, Jes{\'{u}}s M.},
    journal = JISA,
    number = {1},
    title = {{Lessons learned from applying social network analysis on an industrial Free/Libre/Open Source Software ecosystem}},
    volume = {6},
    year = {2015}
}

@InProceedings{Zerouali:ICSR2018,
    author = {Zerouali, Ahmed and Constantinou, Eleni and Mens, Tom and Robles, Gregorio and Gonzalez-Barahona, Jesus},
    title="An Empirical Analysis of Technical Lag in npm Package Dependencies",
    booktitle=ICSR,
    year="2018",
    pages="95--110",
}

@INPROCEEDINGS{Constantinou:SANER2017,  
    author={E. {Constantinou} and T. {Mens}},
    booktitle=SANER,
    title={Socio-technical evolution of the Ruby ecosystem in GitHub},
    year={2017},
    volume={},
    number={},
    pages={34-44},
}

@inproceedings{Souza:2016,
    author = {de Souza, Cleidson R.B. and Figueira Filho, Fernando and Miranda, M\"{u}ller and Ferreira, Renato Pina and Treude, Christoph and Singer, Leif},
    title = {The Social Side of Software Platform Ecosystems},
    year = {2016},
    booktitle = CHI,
    pages = {3204–3214},
    numpages = {11},
    location = {San Jose, California, USA},
}

@article{Constantinou:ISSE2017,
    author = {Constantinou, Eleni and Mens, Tom},
    journal = ISSE,
    number = {2-3},
    pages = {101--115},
    title = {{An empirical comparison of developer retention in the RubyGems and npm software ecosystems}},
    volume = {13},
    year = {2017}
}

@INPROCEEDINGS{Guercio:2018,  
    author={H. {Guercio} and V. {Stroele} and J. M. N. {David} and R. {Braga} and F. {Campos}},  
    booktitle=CSCWD, 
    title={Complex Network Analysis in a Software Ecosystem: Studying the Eclipse Community},   
    year={2018},  
    volume={},  
    number={},  
    pages={618-623},
}

@article{Estefo2019,
    author = {Estefo, Pablo and Simmonds, Jocelyn and Robbes, Romain and Fabry, Johan},
    issn = {01641212},
    journal = JSS,
    keywords = {Package management,Robot Operating System,Software ecosystems},
    pages = {226--242},
    title = {{The Robot Operating System: Package reuse and community dynamics}},
    year = {2019}
}


@INPROCEEDINGS{Qiu:2019,  
    author={H. S. {Qiu} and A. {Nolte} and A. {Brown} and A. {Serebrenik} and B. {Vasilescu}},  
    booktitle=ICSE,
    title={Going Farther Together: The Impact of Social Capital on Sustained Participation in Open Source},   
    year={2019},  
    volume={},  
    number={},  
    pages={688-699},
}

@ARTICLE{Palyart:2018,
    author={M. {Palyart} and G. C. {Murphy} and V. {Masrani}},
    journal=TSE,
    title={A Study of Social Interactions in Open Source Component Use},
    year={2018},
    volume={44},
    number={12},
    pages={1132-1145},
    month={Dec},
}

@INPROCEEDINGS{jenMSR2019,
    author={J. {Dietrich} and D. {Pearce} and J. {Stringer} and A. {Tahir} and K. {Blincoe}},
    booktitle=MSR,
    title={Dependency Versioning in the Wild}, 
    year={2019},
    volume={},
    number={},
    pages={349-359},
}

@article{Kula:2017,
    author = {Kula, Raula Gaikovina and German, Daniel M. and Ouni, Ali and Ishio, Takashi and Inoue, Katsuro},
    journal = EMSE,
    title = {{Do developers update their library dependencies?}},
    volume = {23},
    number = {1},
    month = feb,
    year = {2018},
    pages = {384--417},
}

@INPROCEEDINGS {Mujahid:MSR2020,
    author = {Suhaib Mujahid and Rabe Abdalkareem and Emad Shihab and Shane McIntosh},
    booktitle = MSR,
    title = {Using Others' Tests to Avoid Breaking Updates},
    year = {2020},
}

@inproceedings{Abdalkareem:2017,
    title={{Why Do Developers Use Trivial Packages? An Empirical Case Study on npm}},
    author={Abdalkareem, Rabe and Nourry, Olivier and Wehaibi, Sultan and Mujahid, Suhaib and Shihab, Emad},
    booktitle = ESEC/FSE,
    pages = {385--395},
    year = 2017,
}

@inproceedings{Zimmermann:2020,
    author = {Zimmermann, Th\'{e}o},
    title = {A First Look at an Emerging Model of Community Organizations for the Long-Term Maintenance of Ecosystems' Packages},
    year = {2020},
    booktitle = SOHEAL,
    pages = {711–718},
    numpages = {8},
}

@inproceedings{aggarwal2014co,
    title={Co-evolution of project documentation and popularity within github},
    author={Aggarwal, Karan and Hindle, Abram and Stroulia, Eleni},
    booktitle=MSR,
    pages={360--363},
    year={2014}
}

@inproceedings{NLP2TestableCode,
    author = {Reid, Brittany and Treude, Christoph and Wagner, Markus},
    title = {Optimising the Fit of Stack Overflow Code Snippets into Existing Code},
    year = {2020},
    doinot = {10.1145/3377929.3398087},
    booktitle = GECCO,
    pages = {1945–1953},
    numpages = {9},
}

@article{robillard2009makes,
    title={What makes APIs hard to learn? Answers from developers},
    author={Robillard, Martin P},
    journal=IEEES,
    volume={26},
    number={6},
    pages={27--34},
    year={2009},
}

@inproceedings{pimentel2019large,
    title={A large-scale study about quality and reproducibility of jupyter notebooks},
    author={Pimentel, Jo{\~a}o Felipe and Murta, Leonardo and Braganholo, Vanessa and Freire, Juliana},
    booktitle=MSR,
    pages={507--517},
    year={2019}
}

@article{hossain2019executability,
    title={Executability of Python Snippets in Stack Overflow},
    author={Hossain, Md Monir and Mahmoudi, Nima and Lin, Changyuan and Khazaei, Hamzeh and Hindle, Abram},
    journal={arXiv preprint arXiv:1907.04908},
    year={2019}
    }

% ----- got to here, following are not in bib

@inproceedings{Xia2013,
	title={	Studying Reuse of Out-dated Third-party Code in Open Source Projects},
	author={Pei Xia and Makoto Matsushita and  Norihiro Yoshida and Katsuro Inoue},
	series = {Computer Software, Vol.30, No.4, pp.98-104},
	booktitle={Japan society for Software Science and Technology},
	year={2013}
}

@article{Aniche:2018:CSM:3238579.3238606,
 author = {Aniche, Maur\'{\i}cio and Bavota, Gabriele and Treude, Christoph and Gerosa, Marco Aur{\'e}lio and Deursen, Arie},
 title = {Code Smells for Model-View-Controller Architectures},
 journal = {Empirical Software Engineering},
 volume = {23},
 number = {4},
 year = {2018},
 pages = {2121--2157},
}


@article{KrejcieMorgan1970,
  title={Determining sample size for research activities},
  author={Krejcie, Robert V and Morgan, Daryle W},
  journal={Educational and psychological measurement},
  volume={30},
  number={3},
  pages={607--610},
  year={1970},
}

@INPROCEEDINGS{SANER2015_Raula,
  author = {Raula Gaikovina Kula and Daniel German and Takashi Ishio and Katsuro
	Inoue},
  title = {Trusting a Library: A Study of the Latency to Adopt the Latest Maven
	Release},
  booktitle = SANER,
  year = {2015},
  pages = {520--524}
}

@article{Wu:2015APIEvoluion,
	author = {Wu, Wei and Serveaux, Adrien and Gu{\'e}h{\'e}neuc, Yann-Ga\"{e}l and Antoniol, Giuliano},
	title = {The Impact of Imperfect Change Rules on Framework API Evolution Identification: An Empirical Study},
	journal = EMSE,
	volume = {20},
	number = {4},
	month = aug,
	year = {2015},
	pages = {1126--1158},
	numpages = {33},
} 


@article{Wu2015APIUsages,
	author = {Wu, Wei and Khomh, Foutse and Adams, Bram and Gu{\'{e}}h{\'{e}}neuc, Yann-Ga{\"{e}}l and Antoniol, Giuliano},
	issn = {1573-7616},
	journal = {Empirical Software Engineering},
	pages = {1--47},
	title = {{An exploratory study of api changes and usages based on apache and eclipse ecosystems}},
	year = {2015}
}

@inproceedings{Robbes:2012,
	author = {Robbes, Romain and Lungu, Mircea and R\"{o}thlisberger, David},
	title = {{How Do Developers React to API Deprecation?: The Case of a Smalltalk Ecosystem}},
	booktitle = {20th International Symposium on the Foundations of Software Engineering (FSE)},
	year = {2012},
	pages = {56:1--56:11},
	numpages = {11},
} 

@article{Bavota:2015,
	author = {Bavota, Gabriele and Canfora, Gerardo and Di Penta, Massimiliano and Oliveto, Rocco and Panichella, Sebastiano},
	title = {{How the Apache Community Upgrades Dependencies: An Evolutionary Study}},
	journal = EMSE,
	issue_date = {October   2015},
	volume = {20},
	number = {5},
	month = oct,
	year = {2015},
	pages = {1275--1317},
	numpages = {43},
} 

@inproceedings{Sawant2016,
	title={{On the reaction to deprecation
	of 25,357 clients of 4+1 popular Java APIs}},
	author={Anand Ashok Sawant and Romain Robbes and  Alberto Bacchelli},
	booktitle = ICSME,
	pages={400--410},
	year={2016}
}

@inproceedings{hora2015apiwave,
	title={apiwave: Keeping track of API popularity and migration},
	author={Hora, Andr{\'e} and Valente, Marco Tulio},
	booktitle={International Conference on Software Maintenance and Evolution},
	year={2015}
}


@ARTICLE{Venkatesh2004,
 author = {Chuan-Fong, Shih and Alladi, Venkatesh},
 journal = {Journal of Marketing},
 title = {
Beyond Adoption: Development and Application of a Use-Diffusion Model},
 year = {2004}
}


@book{Pohl:2005:SPL:1095605,
 author = {Pohl, K. and B\"{o}ckle, G. and Linden, F. J. v. d.},
 title = {Software Product Line Engineering: Foundations, Principles and Techniques},
 year = {2005},
 publisher = {Springer-Verlag New York, Inc.},
 address = {Secaucus, NJ, USA},
}


@inproceedings{2013SeidlVamos,
  author={Seidl, Christoph and Assmann, Uwe},
  title={Towards Modeling and Analyzing Variability in Evolving Software Ecosystems},
  booktitle={International Workshop on Variability Modelling of Software-intensive
    Systems (VaMoS)},
  year={2013}
}


@inproceedings{MilevaEtAl09,
  Author={Mileva, Yana Momchilova and Dallmeier, Valentin and Burger, Martin and
    Zeller, Andreas},
  Booktitle={ERCIM Workshops},
  Pages={57--62},
  Title={Mining trends of library usage},
  Year={2009}
}


@inproceedings{MilevaDZ10,
  Author={Mileva, Yana Momchilova and Dallmeier, Valentin and Zeller, Andreas},
  Booktitle={TAIC PART},
  Pages={173--180},
  Title={Mining {API} Popularity},
  Year={2010}
}

@inproceedings{RaemaekersICSM,
  Author={Raemaekers, S. and van Deursen, A. and Visser, J.},
  booktitle=ICSM, 
  Month={Sept},
  Pages={378-387},
  Title={{Measuring software library stability through historical version analysis}},
  Year={2012},
}


@inproceedings{RaemaekersMSR,
  Author={Raemaekers, S. and Nane, G.F. and van Deursen, A. and Visser, J.},
  booktitle=MSR,
  Pages={257-266},
  Title={Testing principles, current practices, and effects of change localization},
  Year={2013},
}


@inproceedings{Mileva:2009,
  Author={Mileva, Yana Momchilova and Dallmeier, Valentin and Burger, Martin and
    Zeller, Andreas},
  Booktitle={International and ERCIM Principles of Software Evolution (IWPSE) and Software Evolution
    (Evol) Workshops},
  Numpages={6},
  Pages={57--62},
  Series={IWPSE-Evol '09},
  Title={Mining Trends of Library Usage},
  Year={2009}
}


@book{DoI,
  Added-At={2010-10-12T22:40:59.000+0200},
  Address={NY},
  Author={Rogers, Everett M.},
  Edition={5th},
  Interhash={07023a13b59f871c0a7b175d5305d8f8},
  Intrahash={ee348f69632ec43d02ef7b93bfa30615},
  Isbn={0-7432-2209-1, 978-0-7432-2209-9},
  Keywords={MT diffusion innovation},
  Language={eng},
  Month={08},
  Pages={576},
  Year={2003},
  Timestamp={2010-10-12T22:40:59.000+0200},
  Title={Diffusion of innovations}
}

@article{lethbridge2003software,
  title={How software engineers use documentation: The state of the practice},
  author={Lethbridge, Timothy C and Singer, Janice and Forward, Andrew},
  journal=IEEES,
  volume={20},
  number={6},
  pages={35--39},
  year={2003},
}


  

@article{2013CSMRGerman,
  author={Daniel M. German and Bram Adams and Ahmed E. Hassan},
  title={The Evolution of the R Software Ecosystem},
  journal={European Conference on Software Maintenance and Reengineering (CSMR)},
  year={2013},
  pages={243-252}
}


@inproceedings{Bloemen:2014,
  author={Bloemen, Remco and Amrit, Chintan and Kuhlmann, Stefan and Ord\'{o}\~{n}ez--Matamoros,
    Gonzalo},
  title={Innovation Diffusion in Open Source Software: Preliminary Analysis of
    Dependency Changes in the Gentoo Portage Package Database},
  booktitle=MSR,
  year={2014},
  pages={316--319}
}

@inproceedings{Ihara_OSS2017,
  author = {Akinori Ihara and Daiki Fujibayashi and Hirohiko Suwa and Raula Gaikovina
	Kula and Kenichi Matsumoto},
  title = {{Understanding When to Adopt a Library: A Case Study on ASF Projects}},
  booktitle = {13th International Conference on Open Source Systems (OSS)},
  year = {2017},
  pages = {128--138}
}

@inproceedings{Hora:2015,
	author = {Hora, Andre and Robbes, Romain and Anquetil, Nicolas and Etien, Anne and Ducasse, Stephane and Valente, Marco Tulio},
	title = {{How Do Developers React to API Evolution? The Pharo Ecosystem Case}},
	booktitle = ICSME,
	year = {2015},
	pages = {251--260},
} 

@inproceedings{Bogart:2016,
	author = {Bogart, Christopher and K\"{a}stner, Christian and Herbsleb, James and Thung, Ferdian},
	title = {{How to Break an API: Cost Negotiation and Community Values in Three Software Ecosystems}},
	booktitle = {24th International Symposium on the Foundations of Software Engineering (FSE)},
	year = {2016},
	pages = {109--120},
	numpages = {12}
}

@INPROCEEDINGS{Teyton2012, 
author={Teyton, C. and Falleri, J.-R. and Blanc, X.}, 
booktitle={19th Working Conference on Reverse Engineering (WCRE)}, 
title={{Mining Library Migration Graphs}}, 
year={2012}, 
month={Oct}, 
pages={289-298}, 
ISSN={1095-1350}
}

@inproceedings{Lauinger2016ThouSN,
author = {Lauinger, Tobias and Chaabane, Abdelberi and Arshad, Sajjad and Robertson, William and Wilson, Christo and Kirda, Engin},
booktitle = {24th Network and Distributed System Security Symposium (NDSS)},
title = {{Thou Shalt Not Depend on Me: Analysing the Use of Outdated JavaScript Libraries on the Web}},
year = {2017},
pages = {}
}

@inproceedings{Linares:2017,
 author = {Linares-V\'{a}squez, Mario and Bavota, Gabriele and Escobar-Vel\'{a}squez, Camilo},
 title = {{An Empirical Study on Android-related Vulnerabilities}},
 booktitle = MSR,
 year = {2017},
 pages = {2--13},
} 


@INPROCEEDINGS{Borges:2016, 
author={H. Borges and A. Hora and M. T. Valente}, 
booktitle=ICSME, 
title={Understanding the Factors That Impact the Popularity of GitHub Repositories}, 
year={2016}, 
volume={}, 
number={}, 
pages={334-344}, 
month={Oct},}


@inproceedings{Linares:2014,
 author = {Linares-V\'{a}squez, Mario and Holtzhauer, Andrew and Bernal-C\'{a}rdenas, Carlos and Poshyvanyk, Denys},
 title = {Revisiting Android Reuse Studies in the Context of Code Obfuscation and Library Usages},
 booktitle = MSR,
 year = {2014},
 isbn = {978-1-4503-2863-0},
 pages = {242--251},
 numpages = {10},
 address = {New York, NY, USA},
} 


@phdthesis{Hejderup2015,
author = {Hejderup, Joseph},
school = {Delft University of Technology},
title = {{In Dependencies We Trust: How vulnerable are dependencies in software modules?}},
type = {Master's Thesis},
year = {2015}
}

@article{Munaiah:2017,
author = {Munaiah, Nuthan and Camilo, Felivel and Wigham, Wesley and Meneely, Andrew and Nagappan, Meiyappan},
journal = {Empirical Software Engineering (EMSE)},
number = {3},
pages = {1305-1347},
title = {{Do bugs foreshadow vulnerabilities? An in-depth study of the chromium project}},
volume = {22},
year = {2017}
}

@inproceedings{Mirhosseini:2017,
author = {Mirhosseini, Samim and Parnin, Chris},
booktitle = ASE,
month = {oct},
pages = {84-94},
title = {{Can automated pull requests encourage software developers to upgrade out-of-date dependencies?}},
year = {2017}
}


@inproceedings{Decan:2016,
author = {Decan, Alexandre and Mens, Tom and Claes, Maelick and Grosjean, Philippe},
booktitle = SANER,
month = {mar},
pages = {493-504},
title = {{When GitHub Meets CRAN: An Analysis of Inter-Repository Package Dependency Problems}},
year = {2016}
}


@inproceedings{Zaman:2011,
author = {Zaman, Shahed and Adams, Bram and Hassan, Ahmed E.},
booktitle = MSR,
pages = {93},
title = {{Security versus performance bugs}},
year = {2011}
}

@inproceedings{Cadariu:2015,
author = {Cadariu, Mircea and Bouwers, Eric and Visser, Joost and van Deursen, Arie},
booktitle = SANER,
month = {mar},
pages = {516-519},
title = {{Tracking known security vulnerabilities in proprietary software systems}},
year = {2015}
}


@inproceedings{Kula:2015,
author = {Kula, Raula Gaikovina and German, Daniel M. and Ishio, Takashi and Inoue, Katsuro},
booktitle = SANER,
month = {mar},
pages = {520-524},
title = {{Trusting a library: A study of the latency to adopt the latest Maven release}},
year = {2015}
}


@inproceedings{Bogart:2015,
author = {Bogart, Christopher and Kastner, Christian and Herbsleb, James},
booktitle = ASE,
month = {nov},
pages = {86-89},
title = {{When It Breaks, It Breaks: How Ecosystem Developers Reason about the Stability of Dependencies}},
year = {2015}
}

@article{Alhazmi:2007,
author = {Alhazmi, O. H. and Malaiya, Y. K. and Ray, I.},
journal = {Computers and Security},
number = {3},
pages = {219-228},
title = {{Measuring, analyzing and predicting security vulnerabilities in software systems}},
volume = {26},
year = {2007}
}

@article{Chowdhury:2011,
author = {Chowdhury, Istehad and Zulkernine, Mohammad},
journal = {Journal of Systems Architecture (JSA)},
month = {mar},
number = {3},
pages = {294-313},
title = {{Using complexity, coupling, and cohesion metrics as early indicators of vulnerabilities}},
volume = {57},
year = {2011}
}

@inproceedings{Shin:2008,
author = {Shin, Yonghee and Williams, Laurie},
booktitle = {2nd International Symposium on Empirical Software Engineering and Measurement (ESEM)},
pages = {315-317},
title = {{An empirical model to predict security vulnerabilities using code complexity metrics}},
year = {2008}
}

@article{Kruskal:stat,
author = {Kruskal, William H and Wallis, W Allen},
issn = {0162-1459},
journal = {Journal of the American Statistical Association},
month = {dec},
number = {260},
pages = {583--621},
title = {{Use of Ranks in One-Criterion Variance Analysis}},
volume = {47},
year = {1952}
}

@misc{Web:snyk,
author = {Snyk},
title = {{Vulnerability DB}},
howpublished = {\url{https://snyk.io/vuln}},
month = {},
year = {2015},
note = {(Accessed on 04/20/2020)}
}

@misc{Web:cwe,
author = {{Mitre Corporation}},
title = {{CWE - Common Weakness Enumeration}},
howpublished = {\url{https://cwe.mitre.org/}},
month = {},
year = {2018},
note = {(Accessed on 04/20/2020)}
}

@misc{Web:cve,
author = {{Mitre Corporation}},
title = {{CVE - Common Vulnerabilities and Exposures (CVE)}},
howpublished = {\url{https://cve.mitre.org/}},
month = {},
year = {2018},
note = {(Accessed on 04/20/2020)}
}

@misc{Web:github_vul_view,
author = {GitHub},
title = {{Viewing and updating vulnerable dependencies in your repository}},
howpublished = {\url{https://help.github.com/articles/viewing-and-updating-vulnerable-dependencies-in-your-repository/}},
year = {2018},
note = {(Accessed on 04/20/2020)}
}

@inproceedings{dagenais2010creating,
  title={Creating and evolving developer documentation: understanding the decisions of open source contributors},
  author={Dagenais, Barth{\'e}l{\'e}my and Robillard, Martin P},
  booktitle=FSE,
  pages={127--136},
  year={2010}
}

@misc{Web:semver,
author = {Preston-Werner, Tom},
title = {{Semantic Versioning 2.0.0}},
howpublished = {\url{https://semver.org/}},
month = {},
year = {2009},
note = {(Accessed on 04/20/2020)}
}

@misc{Shellsho67:online,
author = {Bennett, James T},
title = {{Shellshock in the Wild - Shellshock in the Wild}},
howpublished = {\url{https://www.fireeye.com/blog/threat-research/2014/09/shellshock-in-the-wild.html}},
month = {},
year = {2014},
note = {(Accessed on 04/20/2020)}
}

@misc{Heartble2:online,
author = {Synopsys},
title = {{Heartbleed Bug}},
howpublished = {\url{http://heartbleed.com/}},
month = {},
year = {2014},
note = {(Accessed on 04/20/2020)}
}


@Article{Nguyen:2016,
author="Nguyen, Viet Hung
and Dashevskyi, Stanislav
and Massacci, Fabio",
title={{An automatic method for assessing the versions affected by a vulnerability}},
journal="Empirical Software Engineering (EMSE)",
year="2016",
month="Dec",
day="01",
volume="21",
number="6",
pages="2268-2297",
}

@ARTICLE{Williams:2018, 
author={L. {Williams} and G. {McGraw} and S. {Migues}}, 
journal=IEEES, 
title={{Engineering Security Vulnerability Prevention, Detection, and Response}}, 
year={2018}, 
volume={35}, 
number={5}, 
pages={76-80}, 
month={Sep.},}

@INPROCEEDINGS{Ponta:icsme2018, 
author={S. E. Ponta and H. Plate and A. Sabetta}, 
booktitle=ICSME, 
title={{Beyond Metadata: Code-centric and Usage-based Analysis of Known Vulnerabilities in Open-source Software}}, 
year={2018}, volume={}, number={}, pages={58-68}, keywords={},
}

@misc{Web:issue:connect,
author = {Bill},
title = {{Static middleware crashes node server when URL contains a trailing backslash - Issue \#452 - senchalabs/connect}},
howpublished = {\url{https://github.com/senchalabs/connect/issues/452}},
month = {},
year = {2012},
note = {(Accessed on 04/20/2020)}
}

@misc{Web:snyk:connect,
author = {Snyk},
title = {{Denial of Service (DoS) - npm:connect}},
howpublished = {\url{https://snyk.io/vuln/npm:connect:20120107}},
month = {},
year = {2017},
note = {(Accessed on 04/20/2020)}
}

@misc{Web:event-stream,
author = {Sparling, Ayrton},
title = {{I don't know what to say. - Issue \#116 - dominictarr/event-stream}},
howpublished = {\url{https://github.com/dominictarr/event-stream/issues/116}},
month = {},
year = {2018},
note = {(Accessed on 04/20/2020)}
}

@misc{Web:minimatch,
author = {Schlueter, Isaac Z},
title = {{minimatch/package.json at master - isaacs/minimatch}},
howpublished = {\url{https://github.com/isaacs/minimatch/blob/master/package.json}},
month = {},
year = {2018},
note = {(Accessed on 04/20/2020)}
}

@misc{Web:github_compare,
author = {{Sencha Labs}},
title = {{Comparing 1.8.4...2.0.0 - senchalabs/connect}},
howpublished = {\url{https://github.com/senchalabs/connect/compare/1.8.4...2.0.0}},
month = {},
year = {2018},
note = {(Accessed on 04/20/2020)}
}

@misc{Web:github_security_noti,
author = {GitHub},
title = {{About security alerts for vulnerable dependencies}},
howpublished = {\url{https://help.github.com/articles/about-security-alerts-for-vulnerable-dependencies/}},
month = {},
year = {2017},
note = {(Accessed on 04/20/2020)}
}

@misc{Web:npm_audit,
author = {{NPM}},
title = {{Auditing package dependencies for security vulnerabilities}},
howpublished = {\url{https://docs.npmjs.com/auditing-package-dependencies-for-security-vulnerabilities}},
month = {},
year = {2018},
note = {(Accessed on 04/20/2020)}
}

@misc{Web:github_num_vul,
author = {GitHub},
title = {{How security alerts are keeping your code safer}},
howpublished = {\url{https://github.blog/2018-03-21-security-alerting-a-first-look-at-community-responses/}},
month = {},
year = {2018},
note = {(Accessed on 04/20/2020)}
}

@misc{Web:libraries.io,
author = {{Tidelift}},
title = {{Libraries.io - The Open Source Discovery Service}},
howpublished = {\url{https://libraries.io/}},
month = {},
year = {2017},
note = {(Accessed on 01/13/2021)}
}

@misc{Web:npm_responding_to_threats,
author = {{NPM}},
title = {{Responding to Security Threats and Critical Updates
}},
howpublished = {\url{https://www.npmjs.com/policies/security\#responding-to-security-threats-and-critical-updates}},
month = {},
year = {2016},
note = {(Accessed on 04/20/2020)}
}

@misc{Web:black_duck,
author = {{Black Duck Software}},
title = {{2018 Open Source Security and Risk Analysis Report}},
howpublished = {\url{https://www.blackducksoftware.com/open-source-security-risk-analysis-2018}},
month = {},
year = {2018},
note = {(Accessed on 04/20/2020)}
}

@book{Howard:2001,
 author = {Howard, Michael and Leblanc, David},
 title = {{Writing Secure Code}},
 year = {2001},
 address = {Redmond, WA, USA},
} 

@book{Cramer:1946,
 author = {Cram\'er, Harald},
 title = {{Mathematical Methods of Statistics}},
 pages = {282},
 year = {1946},
 publisher = {Princeton University Press}
}

@book{Cohen:1988,
  year = {1988},
  publisher = {Routledge},
  author = {Jacob Cohen},
  title = {Statistical Power Analysis for the Behavioral Sciences}
}

@article{Pearson:1900,
author = { Karl Pearson },
title = {X. On the criterion that a given system of deviations from the probable in the case of a correlated system of variables is such that it can be reasonably supposed to have arisen from random sampling},
journal = {The London, Edinburgh, and Dublin Philosophical Magazine and Journal of Science},
volume = {50},
number = {302},
pages = {157-175},
year  = {1900},
publisher = {Taylor & Francis},
}

@inproceedings{Pashchenko:2018,
 author = {Pashchenko, Ivan and Plate, Henrik and Ponta, Serena Elisa and Sabetta, Antonino and Massacci, Fabio},
 title = {{Vulnerable Open Source Dependencies: Counting Those That Matter}},
 booktitle = {12th International Symposium on Empirical Software Engineering and Measurement (ESEM)},
 year = {2018},
 pages = {42:1--42:10},
 articleno = {42},
 numpages = {10},
} 

@inproceedings{Romano_SAIR2006,
  title={Exploring methods for evaluating group differences on the NSSE and other surveys: Are the t-test and Cohen’sd indices the most appropriate choices},
  author={Romano, Jeanine and Kromrey, Jeffrey D and Coraggio, Jesse and Skowronek, Jeff and Devine, Linda},
  booktitle={Annual meeting of the Southern Association for Institutional Research},
  year={2006},
  organization={Citeseer}
}

@INPROCEEDINGS {Cox-ICSE2015,
author = {J. Cox and E. Bouwers and M. Eekelen and J. Visser},
booktitle = ICSE,
title = {Measuring Dependency Freshness in Software Systems},
year = {2015},
volume = {},
issn = {},
pages = {109-118},
}

@misc{Web:issue:socket.io,
author = {Thomson, Martin},
title = {ID generation vulnerability · Issue \#856 · socketio/socket.io},
howpublished = {\url{https://github.com/socketio/socket.io/issues/856}},
month = {},
year = {2012},
note = {(Accessed on 04/20/2020)}
}

@misc{Web:snyk:faye,
author = {Snyk},
title = {Insecure Defaults in faye | Snyk},
howpublished = {\url{https://snyk.io/vuln/npm:faye:20121107}},
year = {2017},
note = {(Accessed on 04/20/2020)}
}

@misc{Web:snyk:npm,
author = {Snyk},
title = {Symlink attack due to predictable tmp folder names in npm | Snyk},
howpublished = {\url{https://snyk.io/vuln/npm:npm:20130708}},
month = {},
year = {2017},
note = {(Accessed on 04/20/2020)}
}

@misc{Web:snyk:knockout,
author = {Snyk},
title = {Cross-site Scripting (XSS) in knockout | Snyk},
howpublished = {\url{https://snyk.io/vuln/npm:knockout:20130701}},
month = {},
year = {2017},
note = {(Accessed on 04/20/2020)}
}

@misc{Web:snyk:ws,
author = {Snyk},
title = {Insecure Randomness in ws | Snyk},
howpublished = {\url{https://snyk.io/vuln/npm:ws:20160920}},
month = {},
year = {2017},
note = {(Accessed on 04/20/2020)}
}

@INPROCEEDINGS{Decan:ICSME:2018,  
author={Alexandre {Decan} and Tom {Mens} and Eleni {Constantinou}},  
booktitle=ICSME,
title={On the Evolution of Technical Lag in the npm Package Dependency Network},   
year={2018},  
volume={},  
number={},  
pages={404-414},
}

@inproceedings{Li:2017,
author = {Li, Frank and Paxson, Vern},
title = {A Large-Scale Empirical Study of Security Patches},
year = {2017},
booktitle = {24th ACM SIGSAC Conference on Computer and Communications Security (CCS)},
pages = {2201–2215},
numpages = {15},
}

@INPROCEEDINGS {Piantadosi:2019,
author = {V. Piantadosi and S. Scalabrino and R. Oliveto},
booktitle = {12th IEEE Conference on Software Testing, Validation and Verification (ICST)},
title = {Fixing of Security Vulnerabilities in Open Source Projects: A Case Study of Apache HTTP Server and Apache Tomcat},
year = {2019},
pages = {68-78},
month = {apr}
}

@misc{Web:github_dependabot,
author = {GitHub},
title = {Keep all your packages up to date with Dependabot - The GitHub Blog},
howpublished = {\url{https://github.blog/2020-06-01-keep-all-your-packages-up-to-date-with-dependabot/}},
month = {},
year = {2020},
note = {(Accessed on 10/09/2020)}
}

@misc{Web:npm_audit_manual,
author = {{NPM}},
title = {Security vulnerabilities found requiring manual review},
howpublished = {\url{https://docs.npmjs.com/auditing-package-dependencies-for-security-vulnerabilities\#security-vulnerabilities-found-requiring-manual-review}},
month = {},
year = {2018},
note = {(Accessed on 10/12/2020)}
}


@INPROCEEDINGS{ponta2018icsme,
    author={Serena Elisa Ponta and Henrik Plate and Antonino Sabetta},
    booktitle=ICSME,
    title={Beyond Metadata: Code-centric and Usage-based Analysis
    of Known Vulnerabilities in Open-source Software},
    year={2018},
    month={Sept},
}
@article{ecosystemsIST19,
    author = {Blincoe, Kelly and Harrison, Francis and Kaur, Navpreet and Damian, Daniela},
    title = {Reference Coupling: An Exploration of Inter-project Technical Dependencies and their Characteristics within Large Software Ecosystems},
    journal = {Information and Software Technology (IST)},
    year = {2019},
    pages = {174--189},
    volume = {110},
}

@inproceedings{Thung:2013-social,
 author = {Thung, Ferdian and Bissyande, Tegawende F. and Lo, David and Jiang, Lingxiao},
 title = {Network Structure of Social Coding in GitHub},
 booktitle = {2013 17th European Conference on Soft. Maint. and Reeng.},
 year = {2013},
 pages = {323--326},
 numpages = {4},
} 

@inproceedings{Brin:1998,
 author = {Brin, Sergey and Page, Lawrence},
 title = {The Anatomy of a Large-scale Hypertextual Web Search Engine},
 booktitle = {International Conference on WWWeb},
 year = {1998},
 pages = {107--117},
 numpages = {11},
} 

@inproceedings{Ihara:2017,
  author = {Akinori Ihara and Daiki Fujibayashi and Hirohiko Suwa and Raula Gaikovina
	Kula and Kenichi Matsumoto},
  title = {{Understanding When to Adopt a Library: A Case Study on ASF Projects}},
  booktitle = {13th International Conference on Open Source Systems (OSS)},
  year = {2017},
  pages = {128--138}
}

@INPROCEEDINGS {Cox:2015,
author = {J. Cox and E. Bouwers and M. Eekelen and J. Visser},
booktitle = ICSE,
title = {Measuring Dependency Freshness in Software Systems},
year = {2015},
volume = {},
issn = {},
pages = {109-118},
}

@article{Blondel:2008,
	year = 2008,
	volume = {2008},
	number = {10},
	pages = {P10008},
	author = {Vincent D Blondel and Jean-Loup Guillaume and Renaud Lambiotte and Etienne Lefebvre},
	title = {Fast unfolding of communities in large networks},
	journal = {Journal of Statistical Mechanics: Theory and Experiment},
}

@misc{CRAN:online,
author = {},
title = {The Comprehensive R Archive Network},
howpublished = {\url{https://cran.r-project.org/}},
month = {},
year = {},
note = {(Accessed on 06/26/2020)}
}

@misc{CPAN:online,
author = {},
title = {The Comprehensive Perl Archive Network - www.cpan.org},
howpublished = {\url{https://www.cpan.org/}},
month = {},
year = {},
note = {(Accessed on 06/26/2020)}
}

@misc{PyPI:online,
author = {},
title = {PyPI - The Python Package Index},
howpublished = {\url{https://pypi.org/}},
month = {},
year = {},
note = {(Accessed on 06/26/2020)}
}

@misc{Maven:online,
author = {},
title = {Maven Central Repository Search},
howpublished = {\url{https://search.maven.org/}},
month = {},
year = {},
note = {(Accessed on 06/26/2020)}
}

@misc{RubyGems:online,
author = {},
title = {RubyGems.org | your community gem host},
howpublished = {\url{https://rubygems.org/}},
month = {},
year = {},
note = {(Accessed on 06/26/2020)}
}

@misc{GitHub:online,
author = {},
title = {GitHub},
howpublished = {\url{https://github.com/}},
month = {},
year = {},
note = {(Accessed on 06/26/2020)}
}

@misc{GitLab:online,
author = {},
title = {GitHub},
howpublished = {\url{https://gitlab.com/}},
month = {},
year = {},
note = {(Accessed on 06/26/2020)}
}

@misc{BitBucket:online,
author = {},
title = {GitHub},
howpublished = {\url{https://bitbucket.org/}},
month = {},
year = {},
note = {(Accessed on 06/26/2020)}
}

@misc{GephiDiameter:online,
author = {},
title = {Diameter - gephi/gephi Wiki},
howpublished = {\url{https://github.com/gephi/gephi/wiki/Diameter}},
month = {},
year = {},
note = {(Accessed on 06/26/2020)}
}

@misc{GephiAveragePath:online,
author = {},
title = {Average Path Length - gephi/gephi Wiki},
howpublished = {\url{https://github.com/gephi/gephi/wiki/Average-Path-Length}},
month = {},
year = {},
note = {(Accessed on 06/26/2020)}
}

@misc{GephiModularity:online,
author = {},
title = {Modularity - gephi/gephi Wiki},
howpublished = {\url{https://github.com/gephi/gephi/wiki/Modularity}},
month = {},
year = {},
note = {(Accessed on 06/26/2020)}
}

@misc{GephiDegree:online,
author = {},
title = {Degree - gephi/gephi Wiki},
howpublished = {\url{https://github.com/gephi/gephi/wiki/Degree}},
month = {},
year = {},
note = {(Accessed on 06/26/2020)}
}

@Inbook{Kula:2019,
author="Kula, Raula Gaikovina
and Robles, Gregorio",
editor="Fitzgerald, Brian
and Mockus, Audris
and Zhou, Minghui",
title="The Life and Death of Software Ecosystems",
bookTitle="Towards Engineering Free/Libre Open Source Software (FLOSS) Ecosystems for Impact and Sustainability: Communications of NII Shonan Meetings",
year="2019",
publisher="Springer Singapore",
address="Singapore",
pages="97--105",
isbn="978-981-13-7099-1",
}

@Inbook{Zhou:2019,
author="Zhou, Minghui",
editor="Fitzgerald, Brian
and Mockus, Audris
and Zhou, Minghui",
title="Onboarding and Retaining of Contributors in FLOSS Ecosystem",
bookTitle="Towards Engineering Free/Libre Open Source Software (FLOSS) Ecosystems for Impact and Sustainability: Communications of NII Shonan Meetings",
year="2019",
publisher="Springer Singapore",
address="Singapore",
pages="107--117",
isbn="978-981-13-7099-1",
}


%%%%%%%%%%%%%%%%%%%%%%%%%%%%%%%%%%%%%%%%%%%%%%%%%%%%%%%%%%%%%%%%%%%%
% NOTE : %%%SKIP means a following paper doesn't cite in EMSE paper
%%%%%%%%%%%%%%%%%%%%%%%%%%%%%%%%%%%%%%%%%%%%%%%%%%%%%%%%%%%%%%%%%%%%



%%%SKIP
@INPROCEEDINGS{SANER2015_Raula,
  author = {Raula Gaikovina Kula and Daniel German and Takashi Ishio and Katsuro
	Inoue},
  title = {Trusting a Library: A Study of the Latency to Adopt the Latest Maven
	Release},
  booktitle = SANER,
    publisher = {IEEE},
  year = {2015},
  pages = {520--524}
}

%%%SKIP
@article{Wu:2015APIEvoluion,
	author = {Wu, Wei and Serveaux, Adrien and Gu{\'e}h{\'e}neuc, Yann-Ga\"{e}l and Antoniol, Giuliano},
	title = {The Impact of Imperfect Change Rules on Framework API Evolution Identification: An Empirical Study},
	journal = {Empirical Softw. Engg.},
	issue_date = {August    2015},
	volume = {20},
	number = {4},
	month = aug,
	year = {2015},
	issn = {1382-3256},
	pages = {1126--1158},
	numpages = {33},
	acmid = {2790638},
	publisher = {Kluwer Academic Publishers},
	address = {Hingham, MA, USA},
	keywords = {Change rule, Framework API evolution, Software maintenance, Usefulness},
} 

%%%SKIP
@article{Wu2015APIUsages,
	author = {Wu, Wei and Khomh, Foutse and Adams, Bram and Gu{\'{e}}h{\'{e}}neuc, Yann-Ga{\"{e}}l and Antoniol, Giuliano},
	issn = {1573-7616},
	journal = {Empirical Software Engineering},
	pages = {1--47},
	title = {{An exploratory study of api changes and usages based on apache and eclipse ecosystems}},
	year = {2015}
}

%%%SKIP
@inproceedings{Xia2013,
	title={	Studying Reuse of Out-dated Third-party Code in Open Source Projects},
	author={Pei Xia and Makoto Matsushita and  Norihiro Yoshida and Katsuro Inoue},
	series = {Computer Software, Vol.30, No.4, pp.98-104},
	booktitle={Japan society for Software Science and Technology},
	year={2013}
}

%%%SKIP
@inproceedings{hora2015apiwave,
	title={apiwave: Keeping track of API popularity and migration},
	author={Hora, Andr{\'e} and Valente, Marco Tulio},
	booktitle={International Conference on Software Maintenance and Evolution},
	year={2015}
}

%%%SKIP
@ARTICLE{Venkatesh2004,
 author = {Chuan-Fong, Shih and Alladi, Venkatesh},
 journal = {Journal of Marketing},
 title = {
Beyond Adoption: Development and Application of a Use-Diffusion Model},
 year = {2004}
}

%%%SKIP
@book{Pohl:2005:SPL:1095605,
 author = {Pohl, K. and B\"{o}ckle, G. and Linden, F. J. v. d.},
 title = {Software Product Line Engineering: Foundations, Principles and Techniques},
 year = {2005},
 isbn = {3540243720},
 publisher = {Springer-Verlag New York, Inc.},
 address = {Secaucus, NJ, USA},
}

%%%SKIP
@inproceedings{2013SeidlVamos,
  author={Seidl, Christoph and Assmann, Uwe},
  title={Towards Modeling and Analyzing Variability in Evolving Software Ecosystems},
  booktitle={International Workshop on Variability Modelling of Software-intensive
    Systems (VaMoS)},
  year={2013}
}

%%%SKIP
@inproceedings{MilevaEtAl09,
  Author={Mileva, Yana Momchilova and Dallmeier, Valentin and Burger, Martin and
    Zeller, Andreas},
  Booktitle={ERCIM Workshops},
  Pages={57--62},
  Title={Mining trends of library usage},
  Year={2009}
}

%%%SKIP
@inproceedings{MilevaDZ10,
  Author={Mileva, Yana Momchilova and Dallmeier, Valentin and Zeller, Andreas},
  Booktitle={TAIC PART},
  Pages={173--180},
  Title={Mining {API} Popularity},
  Year={2010}
}

@inproceedings{RaemaekersICSM,
  Author={Raemaekers, S. and van Deursen, A. and Visser, J.},
  booktitle=ICSM, 
  Month={Sept},
  Pages={378-387},
  Title={{Measuring software library stability through historical version analysis}},
  Year={2012},
}

%%%SKIP
@inproceedings{RaemaekersMSR,
  Author={Raemaekers, S. and Nane, G.F. and van Deursen, A. and Visser, J.},
  booktitle=MSR,
  Month={May},
  Pages={257-266},
  Title={Testing principles, current practices, and effects of change localization},
  Year={2013},
}

%%%SKIP
@inproceedings{Mileva:2009,
  Author={Mileva, Yana Momchilova and Dallmeier, Valentin and Burger, Martin and
    Zeller, Andreas},
  Booktitle={International and ERCIM Principles of Software Evolution (IWPSE) and Software Evolution
    (Evol) Workshops},
  Numpages={6},
  Pages={57--62},
  Series={IWPSE-Evol '09},
  Title={Mining Trends of Library Usage},
  Year={2009}
}

%%%SKIP
@book{DoI,
  Added-At={2010-10-12T22:40:59.000+0200},
  Address={NY},
  Author={Rogers, Everett M.},
  Edition={5th},
  Interhash={07023a13b59f871c0a7b175d5305d8f8},
  Intrahash={ee348f69632ec43d02ef7b93bfa30615},
  Isbn={0-7432-2209-1, 978-0-7432-2209-9},
  Keywords={MT diffusion innovation},
  Language={eng},
  Month={08},
  Pages={576},
  Year={2003},
  Publisher={Free Press},
  Timestamp={2010-10-12T22:40:59.000+0200},
  Title={Diffusion of innovations}
}

%%%SKIP
@article{2013CSMRGerman,
  author={Daniel M. German and Bram Adams and Ahmed E. Hassan},
  title={The Evolution of the R Software Ecosystem},
  journal={European Conference on Software Maintenance and Reengineering (CSMR)},
  year={2013},
  pages={243-252}
}

%%%SKIP
@inproceedings{Bloemen:2014,
  author={Bloemen, Remco and Amrit, Chintan and Kuhlmann, Stefan and Ord\'{o}\~{n}ez--Matamoros,
    Gonzalo},
  title={Innovation Diffusion in Open Source Software: Preliminary Analysis of
    Dependency Changes in the Gentoo Portage Package Database},
  booktitle=MSR,
  year={2014},
  pages={316--319}
}

@INPROCEEDINGS{Teyton2012, 
author={Teyton, C. and Falleri, J.-R. and Blanc, X.}, 
booktitle={19th Working Conference on Reverse Engineering (WCRE)}, 
title={{Mining Library Migration Graphs}}, 
year={2012}, 
month={Oct}, 
pages={289-298}, 
ISSN={1095-1350}
}

@inproceedings{Lauinger2016ThouSN,
author = {Lauinger, Tobias and Chaabane, Abdelberi and Arshad, Sajjad and Robertson, William and Wilson, Christo and Kirda, Engin},
booktitle = {24th Network and Distributed System Security Symposium (NDSS)},
title = {{Thou Shalt Not Depend on Me: Analysing the Use of Outdated JavaScript Libraries on the Web}},
year = {2017},
pages = {}
}

@inproceedings{Linares:2017,
 author = {Linares-V\'{a}squez, Mario and Bavota, Gabriele and Escobar-Vel\'{a}squez, Camilo},
 title = {{An Empirical Study on Android-related Vulnerabilities}},
 booktitle = MSR,
 year = {2017},
 pages = {2--13},
} 


%%%SKIP
@INPROCEEDINGS{Borges:2016, 
author={H. Borges and A. Hora and M. T. Valente}, 
booktitle=ICSME, 
title={Understanding the Factors That Impact the Popularity of GitHub Repositories}, 
year={2016}, 
volume={}, 
number={}, 
pages={334-344}, 
month={Oct},}

%%%SKIP
@inproceedings{Linares:2014,
 author = {Linares-V\'{a}squez, Mario and Holtzhauer, Andrew and Bernal-C\'{a}rdenas, Carlos and Poshyvanyk, Denys},
 title = {Revisiting Android Reuse Studies in the Context of Code Obfuscation and Library Usages},
 booktitle = MSR,
 year = {2014},
 isbn = {978-1-4503-2863-0},
 pages = {242--251},
 numpages = {10},
 address = {New York, NY, USA},
} 


@phdthesis{Hejderup2015,
author = {Hejderup, Joseph},
school = {Delft University of Technology},
title = {{In Dependencies We Trust: How vulnerable are dependencies in software modules?}},
type = {Master's Thesis},
year = {2015}
}

@article{Munaiah:2017,
author = {Munaiah, Nuthan and Camilo, Felivel and Wigham, Wesley and Meneely, Andrew and Nagappan, Meiyappan},
journal = EMSE,
number = {3},
pages = {1305-1347},
title = {{Do bugs foreshadow vulnerabilities? An in-depth study of the chromium project}},
volume = {22},
year = {2017}
}

@inproceedings{Mirhosseini:2017,
author = {Mirhosseini, Samim and Parnin, Chris},
booktitle = ASE,
month = {oct},
pages = {84-94},
title = {{Can automated pull requests encourage software developers to upgrade out-of-date dependencies?}},
year = {2017}
}

%%%SKIP
@inproceedings{Decan:2016,
author = {Decan, Alexandre and Mens, Tom and Claes, Maelick and Grosjean, Philippe},
booktitle = SANER,
  publisher = {IEEE},
month = {mar},
pages = {493-504},
title = {{When GitHub Meets CRAN: An Analysis of Inter-Repository Package Dependency Problems}},
year = {2016}
}

%%%SKIP
@inproceedings{Zaman:2011,
author = {Zaman, Shahed and Adams, Bram and Hassan, Ahmed E.},
booktitle = MSR,

pages = {93},
title = {{Security versus performance bugs}},
year = {2011}
}

@inproceedings{Cadariu:2015,
author = {Cadariu, Mircea and Bouwers, Eric and Visser, Joost and van Deursen, Arie},
booktitle = SANER,
  publisher = {IEEE},
month = {mar},
pages = {516-519},
title = {{Tracking known security vulnerabilities in proprietary software systems}},
year = {2015}
}

%%%SKIP
@inproceedings{Kula:2015,
author = {Kula, Raula Gaikovina and German, Daniel M. and Ishio, Takashi and Inoue, Katsuro},
booktitle = SANER,
  publisher = {IEEE},
month = {mar},
pages = {520-524},
publisher = {IEEE},
title = {{Trusting a library: A study of the latency to adopt the latest Maven release}},
year = {2015}
}

@article{Alhazmi:2007,
author = {Alhazmi, O. H. and Malaiya, Y. K. and Ray, I.},
journal = {Computers and Security},
number = {3},
pages = {219-228},
title = {{Measuring, analyzing and predicting security vulnerabilities in software systems}},
volume = {26},
year = {2007}
}

@article{Chowdhury:2011,
author = {Chowdhury, Istehad and Zulkernine, Mohammad},
journal = {Journal of Systems Architecture (JSA)},
month = {mar},
number = {3},
pages = {294-313},
publisher = {Elsevier B.V.},
title = {{Using complexity, coupling, and cohesion metrics as early indicators of vulnerabilities}},
volume = {57},
year = {2011}
}

@inproceedings{Shin:2008,
author = {Shin, Yonghee and Williams, Laurie},
booktitle = {2nd International Symposium on Empirical Software Engineering and Measurement (ESEM)},
pages = {315-317},
title = {{An empirical model to predict security vulnerabilities using code complexity metrics}},
year = {2008}
}

@article{Kruskal:stat,
author = {Kruskal, William H and Wallis, W Allen},
issn = {0162-1459},
journal = {Journal of the American Statistical Association},
month = {dec},
number = {260},
pages = {583--621},
title = {{Use of Ranks in One-Criterion Variance Analysis}},
volume = {47},
year = {1952}
}

@misc{Web:snyk,
author = {Snyk},
title = {{Vulnerability DB}},
howpublished = {\url{https://snyk.io/vuln}},
month = {},
year = {2015},
note = {(Accessed on 04/20/2020)}
}

@misc{Web:cwe,
author = {{Mitre Corporation}},
title = {{CWE - Common Weakness Enumeration}},
howpublished = {\url{https://cwe.mitre.org/}},
month = {},
year = {2018},
note = {(Accessed on 04/20/2020)}
}

@misc{Web:cve,
author = {{Mitre Corporation}},
title = {{CVE - Common Vulnerabilities and Exposures (CVE)}},
howpublished = {\url{https://cve.mitre.org/}},
month = {},
year = {2018},
note = {(Accessed on 04/20/2020)}
}

@misc{Web:github_vul_view,
author = {GitHub},
title = {{Viewing and updating vulnerable dependencies in your repository}},
howpublished = {\url{https://help.github.com/articles/viewing-and-updating-vulnerable-dependencies-in-your-repository/}},
year = {2018},
note = {(Accessed on 04/20/2020)}
}

@misc{Web:semver,
author = {Preston-Werner, Tom},
title = {{Semantic Versioning 2.0.0}},
howpublished = {\url{https://semver.org/}},
month = {},
year = {2009},
note = {(Accessed on 04/20/2020)}
}

@misc{Shellsho67:online,
author = {Bennett, James T},
title = {{Shellshock in the Wild - Shellshock in the Wild}},
howpublished = {\url{https://www.fireeye.com/blog/threat-research/2014/09/shellshock-in-the-wild.html}},
month = {},
year = {2014},
note = {(Accessed on 04/20/2020)}
}

@misc{Heartble2:online,
author = {Synopsys},
title = {{Heartbleed Bug}},
howpublished = {\url{http://heartbleed.com/}},
month = {},
year = {2014},
note = {(Accessed on 04/20/2020)}
}


@Article{Nguyen:2016,
author="Nguyen, Viet Hung
and Dashevskyi, Stanislav
and Massacci, Fabio",
title={{An automatic method for assessing the versions affected by a vulnerability}},
journal=EMSE,
year="2016",
month="Dec",
day="01",
volume="21",
number="6",
pages="2268-2297",
}

@inbook{PyDriller,
    title = "PyDriller: Python Framework for Mining Software Repositories",
    author = "Spadini, Davide and Aniche, Maurício and Bacchelli, Alberto",
    year = "2018",
    doi = "10.1145/3236024.3264598",
    booktitle =ESEC/FSE,
}

@ARTICLE{Williams:2018, 
author={L. {Williams} and G. {McGraw} and S. {Migues}}, 
journal=IEEES, 
title={{Engineering Security Vulnerability Prevention, Detection, and Response}}, 
year={2018}, 
volume={35}, 
number={5}, 
pages={76-80}, 
month={Sep.},}

@INPROCEEDINGS{Ponta:icsme2018, 
author={S. E. Ponta and H. Plate and A. Sabetta}, 
booktitle=ICSME, 
title={{Beyond Metadata: Code-centric and Usage-based Analysis of Known Vulnerabilities in Open-source Software}}, 
year={2018}, volume={}, number={}, pages={58-68}, keywords={},
}

@misc{Web:issue:connect,
author = {Bill},
title = {{Static middleware crashes node server when URL contains a trailing backslash - Issue \#452 - senchalabs/connect}},
howpublished = {\url{https://github.com/senchalabs/connect/issues/452}},
month = {},
year = {2012},
note = {(Accessed on 04/20/2020)}
}

@misc{Web:snyk:connect,
author = {Snyk},
title = {{Denial of Service (DoS) - npm:connect}},
howpublished = {\url{https://snyk.io/vuln/npm:connect:20120107}},
month = {},
year = {2017},
note = {(Accessed on 04/20/2020)}
}

@misc{Web:event-stream,
author = {Sparling, Ayrton},
title = {{I don't know what to say. - Issue \#116 - dominictarr/event-stream}},
howpublished = {\url{https://github.com/dominictarr/event-stream/issues/116}},
month = {},
year = {2018},
note = {(Accessed on 04/20/2020)}
}

@misc{Web:minimatch,
author = {Schlueter, Isaac Z},
title = {{minimatch/package.json at master - isaacs/minimatch}},
howpublished = {\url{https://github.com/isaacs/minimatch/blob/master/package.json}},
month = {},
year = {2018},
note = {(Accessed on 04/20/2020)}
}

@misc{Web:github_compare,
author = {{Sencha Labs}},
title = {{Comparing 1.8.4...2.0.0 - senchalabs/connect}},
howpublished = {\url{https://github.com/senchalabs/connect/compare/1.8.4...2.0.0}},
month = {},
year = {2018},
note = {(Accessed on 04/20/2020)}
}

@misc{Web:github_security_noti,
author = {GitHub},
title = {{About security alerts for vulnerable dependencies}},
howpublished = {\url{https://help.github.com/articles/about-security-alerts-for-vulnerable-dependencies/}},
month = {},
year = {2017},
note = {(Accessed on 04/20/2020)}
}

@misc{Web:npm_audit,
author = {{NPM}},
title = {{Auditing package dependencies for security vulnerabilities}},
howpublished = {\url{https://docs.npmjs.com/auditing-package-dependencies-for-security-vulnerabilities}},
month = {},
year = {2018},
note = {(Accessed on 04/20/2020)}
}

@misc{Web:github_num_vul,
author = {GitHub},
title = {{How security alerts are keeping your code safer}},
howpublished = {\url{https://github.blog/2018-03-21-security-alerting-a-first-look-at-community-responses/}},
month = {},
year = {2018},
note = {(Accessed on 04/20/2020)}
}

@misc{Web:npm_responding_to_threats,
author = {{NPM}},
title = {{Responding to Security Threats and Critical Updates
}},
howpublished = {\url{https://www.npmjs.com/policies/security#responding-to-security-threats-and-critical-updates}},
month = {},
year = {2016},
note = {(Accessed on 04/20/2020)}
}

@misc{Web:black_duck,
author = {{Black Duck Software}},
title = {{2018 Open Source Security and Risk Analysis Report}},
howpublished = {\url{https://www.blackducksoftware.com/open-source-security-risk-analysis-2018}},
month = {},
year = {2018},
note = {(Accessed on 04/20/2020)}
}

@book{Howard:2001,
 author = {Howard, Michael and Leblanc, David},
 title = {{Writing Secure Code}},
 year = {2001},
 address = {Redmond, WA, USA},
} 

@book{Cramer:1946,
 author = {Cram\'er, Harald},
 title = {{Mathematical Methods of Statistics}},
 pages = {282},
 year = {1946},
 publisher = {Princeton University Press}
}

@book{Cohen:1988,
  year = {1988},
  publisher = {Routledge},
  author = {Jacob Cohen},
  title = {Statistical Power Analysis for the Behavioral Sciences}
}

@article{Pearson:1900,
author = { Karl Pearson },
title = {X. On the criterion that a given system of deviations from the probable in the case of a correlated system of variables is such that it can be reasonably supposed to have arisen from random sampling},
journal = {The London, Edinburgh, and Dublin Philosophical Magazine and Journal of Science},
volume = {50},
number = {302},
pages = {157-175},
year  = {1900},
publisher = {Taylor & Francis},
}

@inproceedings{Pashchenko:2018,
 author = {Pashchenko, Ivan and Plate, Henrik and Ponta, Serena Elisa and Sabetta, Antonino and Massacci, Fabio},
 title = {{Vulnerable Open Source Dependencies: Counting Those That Matter}},
 booktitle = {12th International Symposium on Empirical Software Engineering and Measurement (ESEM)},
 year = {2018},
 pages = {42:1--42:10},
 articleno = {42},
 numpages = {10},
} 

@inproceedings{Romano_SAIR2006,
  title={Exploring methods for evaluating group differences on the NSSE and other surveys: Are the t-test and Cohen’sd indices the most appropriate choices},
  author={Romano, Jeanine and Kromrey, Jeffrey D and Coraggio, Jesse and Skowronek, Jeff and Devine, Linda},
  booktitle={Annual meeting of the Southern Association for Institutional Research},
  year={2006},
  organization={Citeseer}
}

@INPROCEEDINGS {Cox-ICSE2015,
author = {J. Cox and E. Bouwers and M. Eekelen and J. Visser},
booktitle = ICSE},
title = {Measuring Dependency Freshness in Software Systems},
year = {2015},
volume = {},
issn = {},
pages = {109-118},
}

@misc{Web:issue:socket.io,
author = {Thomson, Martin},
title = {ID generation vulnerability · Issue \#856 · socketio/socket.io},
howpublished = {\url{https://github.com/socketio/socket.io/issues/856}},
month = {},
year = {2012},
note = {(Accessed on 04/20/2020)}
}

@misc{Web:snyk:faye,
author = {Snyk},
title = {Insecure Defaults in faye | Snyk},
howpublished = {\url{https://snyk.io/vuln/npm:faye:20121107}},
year = {2017},
note = {(Accessed on 04/20/2020)}
}

@misc{Web:snyk:npm,
author = {Snyk},
title = {Symlink attack due to predictable tmp folder names in npm | Snyk},
howpublished = {\url{https://snyk.io/vuln/npm:npm:20130708}},
month = {},
year = {2017},
note = {(Accessed on 04/20/2020)}
}

@misc{Web:snyk:knockout,
author = {Snyk},
title = {Cross-site Scripting (XSS) in knockout | Snyk},
howpublished = {\url{https://snyk.io/vuln/npm:knockout:20130701}},
month = {},
year = {2017},
note = {(Accessed on 04/20/2020)}
}
  
@misc{Web:snyk:ws,
author = {Snyk},
title = {Insecure Randomness in ws | Snyk},
howpublished = {\url{https://snyk.io/vuln/npm:ws:20160920}},
month = {},
year = {2017},
note = {(Accessed on 04/20/2020)}
}

@ARTICLE{Cogo:TSE2019,
    author={F. R. {Cogo} and G. A. {Oliva} and A. E. {Hassan}},
    journal=TSE,
    title={An Empirical Study of Dependency Downgrades in the npm Ecosystem},
    year={2019},
    volume={},
    number={},
    pages={1-1},
}

@misc{Web:npmStat,
author = {the npm blog},
title = {{npm blog: Next Phase Montage}},
howpublished = {\url{https://blog.npmjs.org/post/612764866888007680/next-phase-montage}},
month = {},
year = {2020},
note = {(Accessed on 05/20/2020)}
}

@misc{Web:choosing_lib,
author = {Bennett, James},
title = {Choosing a JavaScript library},
howpublished = {\url{https://www.b-list.org/weblog/2007/jan/22/choosing-javascript-library/}},
month = {},
year = {},
note = {(Accessed on 01/13/2021)}
}


@inproceedings{DelaMora:2018:empirical,
author = {de la Mora, Fernando L{\'{o}}pez and Nadi, Sarah},
booktitle = {14th International Conference on Predictive Models and Data Analytics in Software Engineering},
month = {oct},
pages = {22--31},
title = {{An Empirical Study of Metric-based Comparisons of Software Libraries}},
year = {2018}
}

@inproceedings{Gizas:2012,
author = {Gizas, Andreas and Christodoulou, Sotiris and Papatheodorou, Theodore},
booktitle = {21st International Conference Companion on World Wide Web (WWW)},
keywords = {JavaScript frameworks,Metrics,Performance,Quality},
number = {Cc},
pages = {513},
publisher = {ACM Press},
title = {{Comparative evaluation of javascript frameworks}},
year = {2012}
}

@article{Lima:2020,
author = {Lima, Caroline and Hora, Andre},
journal = {Software Quality Journal},
keywords = {API popularity,API usage,Framework,Software evolution,Software library,Software repository mining},
month = {jun},
number = {2},
pages = {425--458},
title = {{What are the characteristics of popular APIs? A large-scale study on Java, Android, and 165 libraries}},
volume = {28},
year = {2020}
}

@inproceedings{Nair2018dse,
author = {Nair, Vivek and Agrawal, Amritanshu and Chen, Jianfeng and Fu, Wei and Mathew, George and Menzies, Tim and Minku, Leandro and Wagner, Markus and Yu, Zhe},
title = {Data-Driven Search-Based Software Engineering},
year = {2018},
isbn = {9781450357166},
url = {https://doi.org/10.1145/3196398.3196442},
doi = {10.1145/3196398.3196442},
booktitle = MSR,
pages = {341–352},
numpages = {12},
}


@misc{Web:GitHubAPI,
author = {GitHub},
title = {GitHub REST API - GitHub Docs},
howpublished = {\url{https://docs.github.com/en/free-pro-team@latest/rest}},
month = {},
year = {},
note = {(Accessed on 01/13/2021)}
}

@misc{Web:GitHubAdvisory,
author = {GitHub},
title = {GitHub Advisory Database},
howpublished = {\url{https://github.com/advisories}},
month = {},
year = {},
note = {(Accessed on 01/13/2021)}
}